@online{latex_template,
	title        = {VUB LaTeX huisstijl},
	author       = {De Smet, Ruben},
	year         = 2020,
	url          = {https://gitlab.com/rubdos/texlive-vub},
	urldate      = {2020-11-02},
	note         = {GitHub commit: d91f55...}
}
@online{github_project,
	title        = {Assignment 3 of Software Architecture course},
	author       = {Bontinck, Lennert},
	year         = 2021,
	url          = {https://github.com/pikawika/VUB-SA-assignment-3},
	urldate      = {2021-08-06}, %todo latest date
	note         = {GitHub commit: XXX}
}